@misc{Debri1,
author = {Chessab Mahdi, Mohammed},
year = {2016},
month = {05},
pages = {},
title = {Study the Space Debris Impact in the Early Stages of the Nano-Satellite Design},
volume = {51},
journal = {Artificial Satellites},
doi = {10.1515/arsa-2016-0014}
}


@misc{Debri2,
author = {Clormann, M., {\&} Klimburg-Witjes},
year = {2022},
pages = {960-985},
title = {Troubled Orbits and Earthly Concerns: Space Debris as a Boundary Infrastructure},
volume = {47(5)},
journal = {Science, Technology, & Human Values},
doi = {10.1177/01622439211023554}
}


@misc{constellations,
author="Lang, Thomas J.
and Adams, William S.",
editor="van der Ha, Jozef C.",
title="A Comparison of Satellite Constellations for Continuous Global Coverage",
booktitle="Mission Design {\&} Implementation of Satellite Constellations",
year="1998",
publisher="Springer Netherlands",
address="Dordrecht",
pages="51--62",
isbn="978-94-011-5088-0"
}
@misc{ATH-BTH,
author="G.Marchand, Belinda and J.Kobel Christopher",
editor="The Aerospace Corporation.",
title="A Comparison of Satellite Constellations for Continuous Global Coverage",
booktitle="Mission Design {\&} Implementation of Satellite Constellations",
year="2008",
publisher="Galveston",

}

@ARTICLE{UKF,
  author={Julier, S.J. and Uhlmann, J.K.},
  journal={Proceedings of the IEEE}, 
  title={Unscented filtering and nonlinear estimation}, 
  year={2004},
  volume={92},
  number={3},
  pages={401-422},
  doi={10.1109/JPROC.2003.823141}}

@ARTICLE{EKF,
  author={Spingarn, Karl},
  journal={IEEE Transactions on Aerospace and Electronic Systems}, 
  title={Passive Position Location Estimation Using the Extended Kalman Filter}, 
  year={1987},
  volume={AES-23},
  number={4},
  pages={558-567},
  doi={10.1109/TAES.1987.310889}}

  @INPROCEEDINGS{UKFvsEKF,
  author={LaViola, J.J.},
  booktitle={Proceedings of the 2003 American Control Conference, 2003.}, 
  title={A comparison of unscented and extended Kalman filtering for estimating quaternion motion}, 
  year={2003},
  volume={3},
  number={},
  pages={2435-2440 vol.3},
  doi={10.1109/ACC.2003.1243440}}


@article{limmapp,
  title = {Analytical simulations of the effect of satellite constellations on optical and near-infrared observations},
  author = {C. G. Bassa, O. R. Hainaut and D. Galadí-Enríquez},
  journal = {Astronomy \& Astrophysics},
  volume = {657},
  number = {A75},
  pages = {19},
  year = {2022},
  month = {January},
  doi = {10.1051/0004-6361/202142101},
  url = {https://doi.org/10.1051/0004-6361/202142101},
  published_online = {14 January 2022},
  section = {Numerical methods and codes}
}

@article{foto3,
  title={Optical surveys for space debris},
  author={Schildknecht, T.},
  journal={Astron. Astrophys. Rev.},
  volume={14},
  number={1},
  year={2007},
  pages={41--111}
}

@inproceedings{UKF2,
  title={Constrained state estimation using the unscented Kalman filter},
  author={Kandepu, R. and Imsland, L. and Foss, B.A.},
  booktitle={2008 16th Mediterranean Conference on Control and Automation},
  year={2008},
  organization={IEEE},
  pages={1453--1458}
}

@inproceedings{foto2,
  title={Satellite characterization: angles and light curve data fusion for spacecraft state and parameter estimation},
  author={Jah, M. and Madler, R.},
  booktitle={Proceedings of the Advanced Maui Optical and Space Surveillance Technologies Conference},
  volume={49},
  year={2007},
  address={Wailea, Maui, HI},
  month={September},
  note={Paper E49}
}

@techreport{foto1,
  title={Six Degree of Freedom Estimation with Light Curve Data},
  author={Centinello, F.J.},
  institution={Air Force Research Laboratory},
  year={2008},
  address={Kihei, HI},
  type={Technical Report}
}
@techreport{phong,
  title={An Anisotropic Phong Light Reflection Model},
  author={Ashikmin, M. and Shirley, P.},
  institution={University of Utah},
  year={2000},
  address={Salt Lake City, UT},
  type={Technical Report},
  number={UUCS-00-014}
}
@article{linares,
title = {Astrometric and photometric data fusion for inactive space object mass and area estimation},
journal = {Acta Astronautica},
volume = {99},
pages = {1-15},
year = {2014},
issn = {0094-5765},
doi = {https://doi.org/10.1016/j.actaastro.2013.10.018},
url = {https://www.sciencedirect.com/science/article/pii/S0094576513003883},
author = {Richard Linares and Moriba K. Jah and John L. Crassidis and Fred A. Leve and Tom Kelecy},
keywords = {Mass estimation, Orbit determination, Unscented Kalman filter},

}