@misc{Debri1,
author = {Chessab Mahdi, Mohammed},
year = {2016},
month = {05},
pages = {},
title = {Study the Space Debris Impact in the Early Stages of the Nano-Satellite Design},
volume = {51},
journal = {Artificial Satellites},
doi = {10.1515/arsa-2016-0014}
}

@misc{constellations,
author="Lang, Thomas J.
and Adams, William S.",
editor="van der Ha, Jozef C.",
title="A Comparison of Satellite Constellations for Continuous Global Coverage",
booktitle="Mission Design {\&} Implementation of Satellite Constellations",
year="1998",
publisher="Springer Netherlands",
address="Dordrecht",
pages="51--62",
isbn="978-94-011-5088-0"
}
@misc{ATH-BTH,
author="G.Marchand, Belinda and J.Kobel Christopher",
editor="The Aerospace Corporation.",
title="A Comparison of Satellite Constellations for Continuous Global Coverage",
booktitle="Mission Design {\&} Implementation of Satellite Constellations",
year="2008",
publisher="Galveston",

}

@ARTICLE{UKF,
  author={Julier, S.J. and Uhlmann, J.K.},
  journal={Proceedings of the IEEE}, 
  title={Unscented filtering and nonlinear estimation}, 
  year={2004},
  volume={92},
  number={3},
  pages={401-422},
  doi={10.1109/JPROC.2003.823141}}

@ARTICLE{EKF,
  author={Spingarn, Karl},
  journal={IEEE Transactions on Aerospace and Electronic Systems}, 
  title={Passive Position Location Estimation Using the Extended Kalman Filter}, 
  year={1987},
  volume={AES-23},
  number={4},
  pages={558-567},
  doi={10.1109/TAES.1987.310889}}

  @INPROCEEDINGS{UKFvsEKF,
  author={LaViola, J.J.},
  booktitle={Proceedings of the 2003 American Control Conference, 2003.}, 
  title={A comparison of unscented and extended Kalman filtering for estimating quaternion motion}, 
  year={2003},
  volume={3},
  number={},
  pages={2435-2440 vol.3},
  doi={10.1109/ACC.2003.1243440}}


@article{limmapp,
  title = {Analytical simulations of the effect of satellite constellations on optical and near-infrared observations},
  author = {C. G. Bassa, O. R. Hainaut and D. Galadí-Enríquez},
  journal = {Astronomy {\&} Astrophysics},
  volume = {657},
  number = {A75},
  pages = {19},
  year = {2022},
  month = {January},
  doi = {10.1051/0004-6361/202142101},
  url = {https://doi.org/10.1051/0004-6361/202142101},
  published_online = {14 January 2022},
  section = {Numerical methods and codes}
}